@article{trotter1959product,
  title={On the product of semi--groups of operators},
  author={Trotter and Hale F},
  journal={Proceedings of the American Mathematical Society},
  volume={10},
  number={4},
  pages={545--551},
  year={1959},
  publisher={JSTOR}
}

@article{suzuki1985decomposition,
  title={Decomposition formulas of exponential operators and {Lie} exponentials with some applications to quantum mechanics and statistical physics},
  author={Suzuki, M.},
  journal={Journal of Mathematical Physics},
  volume={26},
  number={4},
  pages={601--612},
  year={1985},
  publisher={AIP Publishing}
}

@article{suzuki1990fractal,
  title={Fractal decomposition of exponential operators with applications to many--body theories and {Monte} {Carlo} simulations},
  author={Suzuki, M.},
  journal={Physics Letters A},
  volume={146},
  number={6},
  pages={319--323},
  year={1990},
  publisher={Elsevier}
}

@article{Suzuki1992387,
title = "General theory of higher--order decomposition of exponential operators and symplectic integrators",
journal = "Physics Letters A ",
volume = "165",
number = "5–6",
pages = "387--395",
year = "1992",
note = "",
issn = "0375-9601",
doi = "http://dx.doi.org/10.1016/0375-9601(92)90335-J",
url = "http://www.sciencedirect.com/science/article/pii/037596019290335J",
author = "Suzuki, M."
}

@article{suzuki1994quantum,
  title={Quantum {Monte} {Carlo} methods and general decomposition theory of exponential operators and symplectic integrators},
  author={Suzuki, M.},
  journal={Physica A: Statistical Mechanics and its Applications},
  volume={205},
  number={1},
  pages={65--79},
  year={1994},
  publisher={Elsevier}
}

@article{Suzuki1995425,
title = "Hybrid exponential product formulas for unbounded operators with possible applications to {Monte} {Carlo} simulations ",
journal = "Physics Letters A ",
volume = "201",
number = "5–6",
pages = "425--428",
year = "1995",
note = "",
issn = "0375-9601",
doi = "http://dx.doi.org/10.1016/0375-9601(95)00266-6",
url = "http://www.sciencedirect.com/science/article/pii/0375960195002666",
author = "Suzuki, M."
}

@article{suzuki1997algebraic,
  title={Algebraic formulation of quantum analysis and its applications to {Laurent} series operator functions},
  author={Suzuki, M.},
  journal={Physics Letters A},
  volume={224},
  number={6},
  pages={337--345},
  year={1997},
  publisher={Elsevier}
}

@article{Suzuki200032,
title = "Mathematical basis of computational statistical physics and quantum analysis ",
journal = "Computer Physics Communications ",
volume = "127",
number = "1",
pages = "32--36",
year = "2000",
note = "",
issn = "0010-4655",
doi = "http://dx.doi.org/10.1016/S0010-4655(00)00026-6",
url = "http://www.sciencedirect.com/science/article/pii/S0010465500000266",
author = "Suzuki, M.",
keywords = "Noncommutative algebra",
keywords = "Noncommutative differential",
keywords = "Quantum derivative",
keywords = "Quantum Monte Carlo method",
keywords = "Exponential operator",
keywords = "Exponential product formula",
keywords = "Suzuki–Trotter formula "
}

@incollection{KatoTosio1978,
title = {Trotter's product formula for an arbitrary pair of self--adjoint contraction semigroups},
author = {Kato, T.},
series = {Advances in mathematics: supplementary studies},
volume = {3},
editor = {Academic Press},
address = {New York},
year = {1978},
pages = {185--195},
booktitle = {Topics in functional analysis (essays dedicated to M. G. Krein on the occasion of his 70th birthday)},
}

@article{SophusLie1888,
title = {Theorie der Transformationsgruppen},
journal = {Leipzig},
year = {1888, 1890, 1893},
author = {Sophus, L. and Friedrich, E.},
publisher = {AMS Chelsea}
}

@article{Wittek20131165,
title = "A second--order distributed {Trotter--Suzuki} solver with a hybrid {CPU--GPU} kernel ",
journal = "Computer Physics Communications ",
volume = "184",
number = "4",
pages = "1165--1171",
year = "2013",
note = "",
issn = "0010-4655",
doi = "http://dx.doi.org/10.1016/j.cpc.2012.12.008",
url = "http://www.sciencedirect.com/science/article/pii/S0010465512004043",
author = "Wittek, P. and Cucchietti, F. M.",
keywords = "\{GPU\} computing",
keywords = "\{MPI\}",
keywords = "Hamiltonian",
keywords = "Quantum evolution",
keywords = "Trotter–Suzuki algorithm",
keywords = "Hybrid kernel "
}

@book{Hennessy-Patterson,
title = {{Computer Architecture: A Quantitative Approach.}},
author = {Hennessy, J. L. and Patterson, D. A.},
publisher = {Morgan Kaufmann, Inc., San Francisco, California, USA},
edition = {2nd},
year = {1996},
}

@inproceedings{bederian2011boosting,
  author =       {Bederi{\'a}n, C. S. and Dente, A. D.},
  title =        {Boosting quantum evolutions using {Trotter--Suzuki} algorithms on {GPUs}},
  booktitle =        "Proceedings of HPCLatAm--11, 4th High--Performance Computing Symposium",
  address =        {Cordoba, Argentina},
  month =        {December},
  year =         {2011},
}

@inproceedings{kamil2006implicit,
  title={Implicit and explicit optimizations for stencil computations},
  author={Kamil, S. and Datta, K. and Williams, S. and Oliker, L. and Shalf, J. and Yelick, K.},
  booktitle={Proceedings of the 2006 workshop on Memory system performance and correctness},
  pages={51--60},
  year={2006},
  organization={ACM}
}

@incollection{CPPUnit,
  author    = {Madden, B.},
  year		= {2006},
  month		= {April},
  title		= {Using {CPPUnit} to implement unit testing},
  chapter	= {1.7},
  booktitle	= {Game Programming Gems},
  volume		= {6},
  series		= {Game Development Series},
  publisher	= {Charles River Media},
  edition	= {1st},
  editor		= {Dickheiser, M.},
}

@book{SmithMF,
  author    = {Smith, M. F.}, 
  title     = {Software Prototyping: Adoption, Practice and Management},
  publisher = {McGraw--Hill},
  year      = 1991,
}

@book{Handy,
  author    = {Handy, J.}, 
  title     = {The cache Memory Book},
  publisher = {Academic Press},
  edition   = {2nd},
  month		= {January},
  year      = {1998},
  series	= {The Morgan Kaufmann Series in Computer Architecture and Design Series},
  isbn	= {9780123229809},
}

@ARTICLE{Darte99onthe,
    author = {Darte, A.},
    title = {On the Complexity of Loop Fusion},
    journal = {Parallel Computing},
    year = {1999},
    volume = {26},
    pages = {149--157}
}

@book{Wolfe:1995:HPC:572937,
 author = {Wolfe, M. J.},
 editor = {Shanklin, Carter and Ortega, Leda},
 title = {High Performance Compilers for Parallel Computing},
 year = {1995},
 isbn = {0805327304},
 publisher = {Addison--Wesley Longman Publishing Co., Inc.},
 address = {Boston, MA, USA},
 } 

@book{Kennedy:2001:OCM:502981,
 author = {Kennedy, K. and Allen, J. R.},
 title = {Optimizing Compilers for Modern Architectures: A Dependence--based Approach},
 year = {2002},
 isbn = {1-55860-286-0},
 publisher = {Morgan Kaufmann Publishers Inc.},
 address = {San Francisco, CA, USA},
} 

@article{DSF00,
  title={Generating solitons by phase engineering of a {Bose--Einstein} condensate},
  author={Denschlag, J. and Simsarian, J. E. and Feder, D. L. and Clark, C. W. and Collins, L. A. and Cubizolles, J. and Deng, L. and Hagley, E. W. and Helmerson, K. and Reinhardt, W. P. and Rolston, S. L. and Schneider, B. I. and Phillips, W. D.},
  journal={Science},
  volume={287},
  number={5450},
  pages={97--101},
  year={2000},
  publisher={American Association for the Advancement of Science}
}

@article{SZ98,
  title={Bloch function description of a {Bose--Einstein} condensate in a finite optical lattice},
  author={Steel, M. J. and Zhang, W.},
  journal={arXiv preprint cond-mat/9810284},
  year={1998}
}

@article{SPR02,
  title = {Effective wave equations for the dynamics of cigar--shaped and disk--shaped {Bose} condensates},
  author = {Salasnich, L. and Parola, A. and Reatto, L.},
  journal = {Phys. Rev. A},
  volume = {65},
  issue = {4},
  pages = {043614},
  numpages = {6},
  year = {2002},
  month = {April},
  publisher = {American Physical Society},
  doi = {10.1103/PhysRevA.65.043614},
  url = {http://link.aps.org/doi/10.1103/PhysRevA.65.043614}
}

@article{Sal01,
  title={Pulsed Quantum Tunneling with Matter Waves},
  author={Salasnich, L.},
  journal={Laser Physics},
  volume = {12},
  pages = {198--202},
  year={2002}
}

@book{pethick2002bose,
  title={{Bose--Einstein} condensation in dilute gases},
  author={Pethick, C. J. and Smith, H.},
  year={2002},
  publisher={Cambridge University Press}
}

@article{DGPS99,
  title = {Theory of {Bose--Einstein} condensation in trapped gases},
  author = {Dalfovo, F. and Giorgini, S. and Pitaevskii, L. P. and Stringari, S.},
  journal = {Rev. Mod. Phys.},
  volume = {71},
  issue = {3},
  pages = {463--512},
  numpages = {0},
  year = {1999},
%  month = {Apr},
  publisher = {American Physical Society},
  doi = {10.1103/RevModPhys.71.463},
  url = {http://link.aps.org/doi/10.1103/RevModPhys.71.463}
}

@article{JKP98,
  title = {Solitary waves in clouds of {Bose--Einstein} condensed atoms},
  author = {Jackson, A. D. and Kavoulakis, G. M. and Pethick, C. J.},
  journal = {Phys. Rev. A},
  volume = {58},
  issue = {3},
  pages = {2417--2422},
  numpages = {0},
  year = {1998},
  month = {September},
  publisher = {American Physical Society},
  doi = {10.1103/PhysRevA.58.2417},
  url = {http://link.aps.org/doi/10.1103/PhysRevA.58.2417}
}

@article{RC97,
  author={Reinhardt, W. P. and Clark, C. W.},
  title={Soliton dynamics in the collisions of {Bose--Einstein} condensates: an analogue of the {Josephson} effect},
  journal={Journal of Physics B: Atomic, Molecular and Optical Physics},
  volume={30},
  number={22},
  pages={L785},
  url={http://stacks.iop.org/0953-4075/30/i=22/a=001},
  year={1997},
  abstract={The usual mean--field description of trapped atomic Bose--Einstein condensates predicts the existence of solitons in one--dimensional and quasi--one--dimensional confinement. If the net atomic pair interaction is attractive, these solitons appear as coherently propagating matter wavepackets; if it is repulsive, soliton behaviour is seen in the motion of `holes' in the condensate density, the velocity of which is determined by the phase difference between adjoining pieces of condensate, in analogy to the familiar Josephson effect. We explore the properties of these solitons via elementary analytic models and computer simulation, and make specific suggestions for their experimental observation.}
}

@incollection{B88,
  author      = "Bullough, R. K.",
  editor      = "Lakshmanan, M.",
  booktitle   = "Solitons",
  publisher   = "Springer--Verlag",
  address     = "Berlin",
  pages		  = "150--281",
  year        = 1988,
}

@book{H90,
  author = "Hasegawa, A.",
  title = "Optical Solitons in Fibers",
  publisher = "Springer--Verlag",
  address = "Berlin",
  year = "1990",
  edition = "2nd",
}

@book{P95,
  author = "Peyrard, M.",
  title = "Molecular Excitations in Biomolecules",
  publisher = "Springer--Verlag",
  address = "New York",
  year = "1995",
}

@mastersthesis{PietroMassignan,
  author = "Massignan, P.",
  title  = "Modello unidimensionale per lo studio dell'espansione di condensati di {Bose--Einstein} da reticoli ottici",
  school = "Università Degli Studi Di Milano",
  year   = "2001",
}

@article{DCLZ98,
  title = {Creation of Dark Solitons and Vortices in {Bose--Einstein} Condensates},
  author = {Dum, R. and Cirac, J. I. and Lewenstein, M. and Zoller, P.},
  journal = {Phys. Rev. Lett.},
  volume = {80},
  issue = {14},
  pages = {2972--2975},
  numpages = {0},
  year = {1998},
  month = {April},
  publisher = {American Physical Society},
  doi = {10.1103/PhysRevLett.80.2972},
  url = {http://link.aps.org/doi/10.1103/PhysRevLett.80.2972}
}

@article{ZPMW99,
  title = {Creation of gap solitons in {Bose--Einstein} condensates},
  author = {Zobay, O. and P\"otting, S. and Meystre, P. and Wright, E. M.},
  journal = {Phys. Rev. A},
  volume = {59},
  issue = {1},
  pages = {643--648},
  numpages = {0},
  year = {1999},
  month = {Jan},
  publisher = {American Physical Society},
  doi = {10.1103/PhysRevA.59.643},
  url = {http://link.aps.org/doi/10.1103/PhysRevA.59.643}
}

@article{MLS99,
  title = {Stability of standing matter waves in a trap},
  author = {Muryshev, A. E. and van Linden van den Heuvell, H. B. and Shlyapnikov, G. V.},
  journal = {Phys. Rev. A},
  volume = {60},
  issue = {4},
  pages = {R2665--R2668},
  numpages = {0},
  year = {1999},
  month = {October},
  publisher = {American Physical Society},
  doi = {10.1103/PhysRevA.60.R2665},
  url = {http://link.aps.org/doi/10.1103/PhysRevA.60.R2665}
}

@ARTICLE{BA98,
   author = {{Busch}, T. and {Anglin}, J.~R.},
    title = "{Mossbauer effect for dark solitons in {Bose--Einstein} condensates}",
  journal = {arXiv:cond-mat/9809408v1},
   eprint = {cond-mat/9809408v1},
 keywords = {Condensed Matter, Atomic Physics, Pattern Formation and Solitons},
     year = 1998,
    month = September,
   adsurl = {http://adsabs.harvard.edu/abs/1998cond.mat..9408B},
  adsnote = {Provided by the SAO/NASA Astrophysics Data System}
}

@article{MM03,
  title = {One--dimensional model for the dynamics and expansion of elongated {Bose--Einstein} condensates},
  author = {Massignan, P. and Modugno, M.},
  journal = {Phys. Rev. A},
  volume = {67},
  issue = {2},
  pages = {023614},
  numpages = {7},
  year = {2003},
  month = {February},
  publisher = {American Physical Society},
  doi = {10.1103/PhysRevA.67.023614},
  url = {http://link.aps.org/doi/10.1103/PhysRevA.67.023614}
}

@book{LSA12,
  title={Ultracold Atoms in Optical Lattices: Simulating Quantum {Many--Body} Systems},
  author={Lewenstein, M. and Sanpera, A. and Ahufinger, V.},
  volume = {54},
  year={2012},
  edition = {2nd},
  publisher={Oxford University Press}
}

@book{LL85,
  title={Mechanics},
  author={Landau, L. D. and Lifshitz, E. M.},
  year={1981},
  publisher={USSR Academy of Sciences},
  address = {Moscow},
  volume = {1},
  edition = {3rd},
  isbn ={0750628960}
}

@book{Huang28,
  title={Statistical Mechanics},
  author={Huang, K.},
  year={1928},
  publisher={John Wiley and Sons},
  address = {Massachusetts Institute of Technology},
  edition = {2nd},
  isbn ={0471815187},
}

@book{Huang28,
  title={Computational Condensed Matter Physics},
  author={Schreiber, M. and Vojta, T.},
  year={2015},
  publisher={Springer--Verlag Berlin Heidelberg},
  edition = {1st},
  isbn ={978-3-540-63669-4}
}

@article{US93,
title = "Symplectic and intermittent behaviour of {Hamiltonian} flow ",
journal = "Physics Letters A ",
volume = "181",
number = "5",
pages = "387--392",
year = "1993",
note = "",
issn = "0375-9601",
doi = "http://dx.doi.org/10.1016/0375-9601(93)90393-E",
url = "http://www.sciencedirect.com/science/article/pii/037596019390393E",
author = "Umeno, K. and Suzuki, M."
}

@incollection{SU93,
	author	= "Suzuki, M. and Umeno, K.",
	title	= "Higher--order decomposition theory of exponential operators and its applications to {QMC} and nonlinear dynamics.",
	booktitle= "Computer Simulation Studies in Condensed--Matter Physics",
	publisher= "Springer",
	editor	= "Landau, D. P. and Mon, K. K. and Schuttler, H. B.",
	volume	= "6",
	%number	= "",
	%series	= "",
	%type	= "",
	%chapter= "",
	pages	= "74--86",
	address= "Berlin Heidelberg",
	%edition= "",
	year	= "1993",
	%month	= "",
	%note	= "",
}

@Article{dagum1998openmp,
title	= {{OpenMP}: an industry standard {API} for shared--memory programming},
author	= {Dagum, L. and Menon, R.},
journal	= {Computational Science \& Engineering},
year	= {1998},
number	= {1},
pages	= {46--55},
volume	= {5}
}

@Book{snir1998mpi,
title	= {{MPI}--The Complete Reference: The {MPI} Core},
author	= {Snir, M. and Otto, S. W. and Huss-Lederman, S. and Walker, D. W. and Dongarra, J.},
publisher={MIT Press},
year	={1998},
volume	={1}
}

@article{GS13,
title = "Spin–orbit coupling in quantum gases",
journal = "Nature",
volume = "494",
pages = "49--54",
year = "2013",
month = "February",
doi = "10.1038/nature11841",
author = "Galitski, V. and Spielman, B."
}
